<record><leader>00000cas a22000007a 4500</leader><controlfield tag="001">10487210</controlfield><controlfield tag="008">840305d1866186umeuwr ne      0    0eng d</controlfield><datafield ind1=" " ind2=" " tag="010"><subfield code="a">sn 84022574 </subfield></datafield><datafield ind1=" " ind2=" " tag="040"><subfield code="a">NPX</subfield><subfield code="b">eng</subfield><subfield code="c">NPX</subfield><subfield code="d">OCLCQ</subfield></datafield><datafield ind1=" " ind2=" " tag="042"><subfield code="a">msc</subfield></datafield><datafield ind1=" " ind2=" " tag="043"><subfield code="a">n-us-me</subfield></datafield><datafield ind1="0" ind2="0" tag="245"><subfield code="a">Winthrop gazette and rural intelligencer.</subfield></datafield><datafield ind1=" " ind2=" " tag="260"><subfield code="a">Winthrop, Me. :</subfield><subfield code="b">Wm. K. Moody</subfield></datafield><datafield ind1=" " ind2=" " tag="300"><subfield code="a">v.</subfield></datafield><datafield ind1=" " ind2=" " tag="310"><subfield code="a">Weekly</subfield></datafield><datafield ind1="1" ind2=" " tag="362"><subfield code="a">Began with Dec. 14, 1866? issue.</subfield><subfield code="z">Cf. Gregory, W. Amer. newspapers.</subfield></datafield><datafield ind1=" " ind2=" " tag="500"><subfield code="a">Editor: W.K. Moody.</subfield></datafield><datafield ind1=" " ind2=" " tag="580"><subfield code="a">Continued by: Mechanic Falls herald (non-extant?). Cf. Kingsbury, H.D. Illus. hist. of Kennebec Co., Me., 1892.</subfield></datafield><datafield ind1=" " ind2=" " tag="588"><subfield code="a">Description based on: Vol. 1, no. 19 (Apr. 20, 1867).</subfield></datafield><datafield ind1="1" ind2=" " tag="700"><subfield code="a">Moody, William King,</subfield><subfield code="d">1840-1902.</subfield></datafield><datafield ind1=" " ind2=" " tag="752"><subfield code="a">United States</subfield><subfield code="b">Maine</subfield><subfield code="c">Kennebec</subfield><subfield code="d">Winthrop.</subfield></datafield><datafield ind1="0" ind2="0" tag="785"><subfield code="t">Mechanic Falls herald</subfield></datafield><datafield ind1="1" ind2=" " tag="029"><subfield code="a">AU@</subfield><subfield code="b">000025816716</subfield></datafield></record>